<record><leader>00000cas a2200000 a 4500</leader><controlfield tag="001">10129143</controlfield><controlfield tag="008">831115d18951936ohudn ne      0    0eng d</controlfield><datafield ind1=" " ind2=" " tag="010"><subfield code="a">sn 84028464 </subfield></datafield><datafield ind1=" " ind2=" " tag="040"><subfield code="a">YNG</subfield><subfield code="b">eng</subfield><subfield code="c">YNG</subfield><subfield code="d">NPY</subfield><subfield code="d">ONP</subfield><subfield code="d">OCL</subfield><subfield code="d">OCLCQ</subfield></datafield><datafield ind1=" " ind2=" " tag="042"><subfield code="a">msc</subfield></datafield><datafield ind1=" " ind2=" " tag="090"><subfield code="a">AN31</subfield><subfield code="b">.Y68</subfield></datafield><datafield ind1="0" ind2=" " tag="130"><subfield code="a">Youngstown telegram (Youngstown, Ohio : 1895)</subfield></datafield><datafield ind1="1" ind2="4" tag="245"><subfield code="a">The Youngstown telegram.</subfield></datafield><datafield ind1=" " ind2=" " tag="260"><subfield code="a">Youngstown, Ohio :</subfield><subfield code="b">Youngstown Print. Co.,</subfield><subfield code="c">1895-1936.</subfield></datafield><datafield ind1=" " ind2=" " tag="300"><subfield code="a">v.</subfield></datafield><datafield ind1=" " ind2=" " tag="310"><subfield code="a">Daily (except Sun.)</subfield></datafield><datafield ind1="0" ind2=" " tag="362"><subfield code="a">Vol. 44, no. 17 (Jan. 21, 1895)-85th year, no. 156 (July 2, 1936).</subfield></datafield><datafield ind1=" " ind2=" " tag="500"><subfield code="a">"Republican newspaper."</subfield></datafield><datafield ind1=" " ind2=" " tag="580"><subfield code="a">Weekly (later semiweekly edition) : Weekly telegram (Youngstown, Ohio : 1891), 1892-1895.</subfield></datafield><datafield ind1=" " ind2=" " tag="580"><subfield code="a">Semiweekly editions: Youngstown weekly telegram (Youngstown, Ohio : 1895), 1895-1897; Youngstown telegram (Youngstown, Ohio : 1898), 1898; Semi-weekly telegram (Youngstown, Ohio), 1898-1913.</subfield></datafield><datafield ind1=" " ind2=" " tag="580"><subfield code="a">Triweekly edition: Tri-weekly telegram (Youngstown, Ohio), 1897-1898.</subfield></datafield><datafield ind1=" " ind2=" " tag="580"><subfield code="a">Weekly edition: Weekly telegram (Youngstown, Ohio : 1898), 1898.</subfield></datafield><datafield ind1=" " ind2=" " tag="752"><subfield code="a">United States</subfield><subfield code="b">Ohio</subfield><subfield code="c">Mahoning</subfield><subfield code="d">Youngstown.</subfield></datafield><datafield ind1="1" ind2=" " tag="775"><subfield code="t">Weekly telegram (Youngstown, Ohio : 1891)</subfield><subfield code="w">(DLC)sn 88078383</subfield></datafield><datafield ind1="1" ind2=" " tag="775"><subfield code="t">Youngstown weekly telegram (Youngstown, Ohio : 1895)</subfield><subfield code="w">(DLC)sn 88078382</subfield></datafield><datafield ind1="1" ind2=" " tag="775"><subfield code="t">Youngstown telegram (Youngstown, Ohio : 1898)</subfield><subfield code="w">(DLC)sn 88078380</subfield></datafield><datafield ind1="1" ind2=" " tag="775"><subfield code="t">Semi-weekly telegram (Youngstown, Ohio)</subfield><subfield code="w">(DLC)sn 88078378</subfield></datafield><datafield ind1="1" ind2=" " tag="775"><subfield code="t">Tri-weekly telegram (Youngstown, Ohio)</subfield><subfield code="w">(DLC)sn 88078381</subfield></datafield><datafield ind1="1" ind2=" " tag="775"><subfield code="t">Weekly telegram (Youngstown, Ohio : 1898)</subfield><subfield code="w">(DLC)sn 88078379</subfield></datafield><datafield ind1="0" ind2="0" tag="780"><subfield code="t">Daily telegram (Youngstown, Ohio)</subfield><subfield code="w">(DLC)sn 91074616</subfield></datafield><datafield ind1="0" ind2="7" tag="785"><subfield code="t">Youngstown vindicator (Youngstown, Ohio : 1893)</subfield><subfield code="w">(DLC)sn 84028466</subfield></datafield><datafield ind1="0" ind2="7" tag="785"><subfield code="t">Youngstown vindicator and the Youngstown telegram</subfield><subfield code="w">(DLC)sn 83045453</subfield></datafield></record>